@Book{choksy1999,
 author = {Choksy, Lois},
 title = {The Kod√°ly Method I},
 publisher = {Prentice Hall},
 year = {1999},
 address = {Englewood Cliffs},
 isbn = {0139491651}
 }
